<marc:collection xmlns:marc="http://www.loc.gov/MARC21/slim" xmlns:xsi="http://www.w3.org/2001/XMLSchema-instance" xsi:schemaLocation="http://www.loc.gov/MARC21/slim http://www.loc.gov/standards/marcxml/schema/MARC21slim.xsd">
    <marc:record type="Bibliographic">
        <marc:leader>02573cem a2200409 a 4500</marc:leader>
        <marc:controlfield tag="001">6955560</marc:controlfield>
        <marc:controlfield tag="005">20120125093344.0</marc:controlfield>
        <marc:controlfield tag="007">aj aanzn</marc:controlfield>
        <marc:controlfield tag="008">100629s1747    enki   cu a     0   eng  </marc:controlfield>
        <marc:datafield tag="035" ind1=" " ind2=" ">
            <marc:subfield code="a">(OCoLC)ocn645999982</marc:subfield>
        </marc:datafield>
        <marc:datafield tag="040" ind1=" " ind2=" ">
            <marc:subfield code="a">AU@</marc:subfield>
            <marc:subfield code="b">eng</marc:subfield>
            <marc:subfield code="c">AU@</marc:subfield>
            <marc:subfield code="d">OCLCQ</marc:subfield>
            <marc:subfield code="d">NjP</marc:subfield>
        </marc:datafield>
        <marc:datafield tag="034" ind1="1" ind2=" ">
            <marc:subfield code="a">a</marc:subfield>
            <marc:subfield code="b">1550000</marc:subfield>
            <marc:subfield code="d">E0024000</marc:subfield>
            <marc:subfield code="e">E0073000</marc:subfield>
            <marc:subfield code="f">N0534000</marc:subfield>
            <marc:subfield code="g">N0510000</marc:subfield>
        </marc:datafield>
        <marc:datafield tag="035" ind1=" " ind2=" ">
            <marc:subfield code="a">(OCoLC)645999982</marc:subfield>
        </marc:datafield>
        <marc:datafield tag="043" ind1=" " ind2=" ">
            <marc:subfield code="a">ln-----</marc:subfield>
            <marc:subfield code="a">e-ne---</marc:subfield>
        </marc:datafield>
        <marc:datafield tag="100" ind1="1" ind2=" ">
            <marc:subfield code="a">Bowen, Emanuel,</marc:subfield>
            <marc:subfield code="d">d. 1767.</marc:subfield>
        </marc:datafield>
        <marc:datafield tag="245" ind1="1" ind2="2">
            <marc:subfield code="a">A new and accurate map of the Seven United Provinces :</marc:subfield>
            <marc:subfield code="b">compiled from the most approv'd maps &amp; charts and adjusted by astronoml. observations</marc:subfield>
            <marc:subfield code="h">[map] /</marc:subfield>
            <marc:subfield code="c">by Emanl. Bowen.</marc:subfield>
        </marc:datafield>
        <marc:datafield tag="246" ind1="3" ind2="0">
            <marc:subfield code="i">Inset title:</marc:subfield>
            <marc:subfield code="a">Chart of part of the sea coast of England, Holland, Zeeland and Flanders</marc:subfield>
        </marc:datafield>
        <marc:datafield tag="255" ind1=" " ind2=" ">
            <marc:subfield code="a">Scale [ca. 1:1,550,000] ;</marc:subfield>
            <marc:subfield code="b">Conic proj.</marc:subfield>
            <marc:subfield code="c">(E 2°40ʹ00--E 7°30ʹ00/N 53°40ʹ00--N 51°00ʹ00).</marc:subfield>
        </marc:datafield>
        <marc:datafield tag="260" ind1=" " ind2=" ">
            <marc:subfield code="a">[London :</marc:subfield>
            <marc:subfield code="b">Printed for W. Innys, R. Ware, etc.</marc:subfield>
            <marc:subfield code="c">1747]</marc:subfield>
        </marc:datafield>
        <marc:datafield tag="300" ind1=" " ind2=" ">
            <marc:subfield code="a">1 map ;</marc:subfield>
            <marc:subfield code="c">31 x 22 cm.</marc:subfield>
        </marc:datafield>
        <marc:datafield tag="500" ind1=" " ind2=" ">
            <marc:subfield code="a">Relief shown pictorially and by shading for low lying areas.</marc:subfield>
        </marc:datafield>
        <marc:datafield tag="500" ind1=" " ind2=" ">
            <marc:subfield code="a">Cartouche title.</marc:subfield>
        </marc:datafield>
        <marc:datafield tag="500" ind1=" " ind2=" ">
            <marc:subfield code="a">From: A complete system of geography / by Emanuel Bowen. London : Printed for W. Innys, R. Ware, etc., 1747.</marc:subfield>
        </marc:datafield>
        <marc:datafield tag="500" ind1=" " ind2=" ">
            <marc:subfield code="a">Area: United Provinces or Netherlands north of the Rhine.</marc:subfield>
        </marc:datafield>
        <marc:datafield tag="500" ind1=" " ind2=" ">
            <marc:subfield code="a">Shows boundaries, marshes, banks, rivers and canals, roads, woodland and principal cities and towns.</marc:subfield>
        </marc:datafield>
        <marc:datafield tag="500" ind1=" " ind2=" ">
            <marc:subfield code="a">Prime meridian: London.</marc:subfield>
        </marc:datafield>
        <marc:datafield tag="500" ind1=" " ind2=" ">
            <marc:subfield code="a">Picture surrounding title cartouche shows a woman and man in traditional dress standing next to 9 round cheeses, near a house and a tree; in the background a single horse stands near a gate and past the gate two men, one on horseback, one on foot are following three dogs in pursuit of a stag.</marc:subfield>
        </marc:datafield>
        <marc:datafield tag="505" ind1="8" ind2=" ">
            <marc:subfield code="a">Includes cartographic note, bar scale in English miles, compass rose and ornamental cartouche.</marc:subfield>
        </marc:datafield>
        <marc:datafield tag="505" ind1="8" ind2=" ">
            <marc:subfield code="a">Inset: A chart of part of the sea coast of England, Holland, Zeeland and Flanders : shewing the sands, soundings, bearings &amp;c. : according to Cn. Collins, also describing some of the usual tracks of sailing from one shore to the other. -- Scale [ca. 1:1 203 206] ; 9.3 x 19.8 cm. -- Soundings, sands, routes, distances, etc.</marc:subfield>
        </marc:datafield>
        <marc:datafield tag="651" ind1=" " ind2="0">
            <marc:subfield code="a">Netherlands</marc:subfield>
            <marc:subfield code="v">Maps</marc:subfield>
            <marc:subfield code="v">Early works to 1800.</marc:subfield>
        </marc:datafield>
        <marc:datafield tag="651" ind1=" " ind2="0">
            <marc:subfield code="a">North Sea</marc:subfield>
            <marc:subfield code="v">Maps</marc:subfield>
            <marc:subfield code="v">Early works to 1800.</marc:subfield>
        </marc:datafield>
        <marc:datafield tag="655" ind1=" " ind2="7">
            <marc:subfield code="a">Maps</marc:subfield>
            <marc:subfield code="z">Netherlands</marc:subfield>
            <marc:subfield code="y">1747.</marc:subfield>
            <marc:subfield code="2">aat</marc:subfield>
        </marc:datafield>
        <marc:datafield tag="655" ind1=" " ind2="7">
            <marc:subfield code="a">Nautical charts</marc:subfield>
            <marc:subfield code="z">North Sea</marc:subfield>
            <marc:subfield code="y">1747.</marc:subfield>
            <marc:subfield code="2">aat</marc:subfield>
        </marc:datafield>
        <marc:datafield tag="700" ind1="1" ind2=" ">
            <marc:subfield code="a">Bowen, Emanuel, d. 1767.</marc:subfield>
            <marc:subfield code="t">Complete system of geography.</marc:subfield>
        </marc:datafield>
        <marc:datafield tag="856" ind1="4" ind2="1">
            <marc:subfield code="z">See the map</marc:subfield>
            <marc:subfield code="u">http://gisserver.princeton.edu/map/26569</marc:subfield>
        </marc:datafield>
        <marc:datafield tag="904" ind1=" " ind2=" ">
            <marc:subfield code="a">gls</marc:subfield>
            <marc:subfield code="b">g</marc:subfield>
            <marc:subfield code="h">m</marc:subfield>
            <marc:subfield code="c">p</marc:subfield>
            <marc:subfield code="e">20120123</marc:subfield>
        </marc:datafield>
        <marc:datafield tag="902" ind1=" " ind2=" ">
            <marc:subfield code="a">gls</marc:subfield>
            <marc:subfield code="b">m</marc:subfield>
            <marc:subfield code="6">e</marc:subfield>
            <marc:subfield code="7">m</marc:subfield>
            <marc:subfield code="d">v</marc:subfield>
            <marc:subfield code="f">1</marc:subfield>
            <marc:subfield code="e">20120123</marc:subfield>
        </marc:datafield>
    </marc:record>
    <marc:record type="Holdings">
        <marc:leader>00172nx  a22000851  4500</marc:leader>
        <marc:controlfield tag="001">6850151</marc:controlfield>
        <marc:controlfield tag="004">6955560</marc:controlfield>
        <marc:controlfield tag="005">20120123103107.0</marc:controlfield>
        <marc:controlfield tag="008">1201234u    8   1001uu   0901128</marc:controlfield>
        <marc:datafield tag="852" ind1="0" ind2=" ">
            <marc:subfield code="b">map</marc:subfield>
            <marc:subfield code="h">HMC01.5437</marc:subfield>
        </marc:datafield>
    </marc:record>
</marc:collection>
